<?xml version="1.0" encoding="UTF-8"?><record xmlns="http://www.loc.gov/MARC21/slim" xmlns:cinclude="http://apache.org/cocoon/include/1.0" xmlns:zs="http://www.loc.gov/zing/srw/">
  <leader>00379nz  a2200133n  4500</leader>
  <controlfield tag="001">no 00031151 </controlfield>
  <controlfield tag="003">DLC</controlfield>
  <controlfield tag="005">20000503064105.0</controlfield>
  <controlfield tag="008">000502n| acannaabn          |n aaa     c</controlfield>
  <datafield tag="010" ind1=" " ind2=" ">
    <subfield code="a">no 00031151 </subfield>
  </datafield>
  <datafield tag="035" ind1=" " ind2=" ">
    <subfield code="a">(OCoLC)oca05209690</subfield>
  </datafield>
  <datafield tag="040" ind1=" " ind2=" ">
    <subfield code="a">GU-AV</subfield>
    <subfield code="b">eng</subfield>
    <subfield code="c">GU-AV</subfield>
  </datafield>
  <datafield tag="100" ind1="1" ind2=" ">
    <subfield code="a">Winslow, Linda</subfield>
  </datafield>
  <datafield tag="670" ind1=" " ind2=" ">
    <subfield code="a">It's not the man, it's the plan, c1979:</subfield>
    <subfield code="b">credits (Linda Winslow, executive producer)</subfield>
  </datafield>
</record>